@article{Ahlgren, 
author={B. Ahlgren and C. Dannewitz and C. Imbrenda and D. Kutscher and B. Ohlman}, 
journal={IEEE Communications Magazine}, 
title={A survey of information-centric networking}, 
year={2012}, 
volume={50}, 
number={7}, 
pages={26-36}, 
keywords={Internet;cache storage;computer network security;content management;failure analysis;API;ICN;Internet;disruption;failure analysis;in-network caching;information centric networking;interaction model decoupling receiver;interaction model decoupling sender;multiparty communication;named data object;network infrastructure service;network routing;replication model;resilience;security;Information management;Internet;Network security;Peer to peer computing;Receivers;Routing protocols;Videos}, 
doi={10.1109/MCOM.2012.6231276}, 
ISSN={0163-6804}, 
month={July},}

@article{DBLP:journals/corr/DragoniGLMMMS16,
  author    = {Nicola Dragoni and
               Saverio Giallorenzo and
               Alberto Lluch{-}Lafuente and
               Manuel Mazzara and
               Fabrizio Montesi and
               Ruslan Mustafin and
               Larisa Safina},
  title     = {Microservices: yesterday, today, and tomorrow},
  journal   = {CoRR},
  volume    = {abs/1606.04036},
  year      = {2016},
  url       = {http://arxiv.org/abs/1606.04036},
  timestamp = {Wed, 07 Jun 2017 14:41:31 +0200},
  biburl    = {http://dblp.uni-trier.de/rec/bib/journals/corr/DragoniGLMMMS16},
  bibsource = {dblp computer science bibliography, http://dblp.org}
}

@inproceedings{Selimi:2017:PSP:3101112.3101167,
 author = {Selimi, Mennan and Cerd\`{a}-Alabern, Lloren\c{c} and S\'{a}nchez-Artigas, Marc and Freitag, Felix and Veiga, Lu\'{\i}s},
 title = {Practical Service Placement Approach for Microservices Architecture},
 booktitle = {Proceedings of the 17th IEEE/ACM International Symposium on Cluster, Cloud and Grid Computing},
 series = {CCGrid '17},
 year = {2017},
 isbn = {978-1-5090-6610-0},
 location = {Madrid, Spain},
 pages = {401--410},
 numpages = {10},
 url = {https://doi.org/10.1109/CCGRID.2017.28},
 doi = {10.1109/CCGRID.2017.28},
 acmid = {3101167},
 publisher = {IEEE Press},
 address = {Piscataway, NJ, USA},
 keywords = {community networks, micro-clouds, service placement},
} 
@ARTICLE{7742218, 
author={A. Singleton}, 
journal={IEEE Cloud Computing}, 
title={The Economics of Microservices}, 
year={2016}, 
volume={3}, 
number={5}, 
pages={16-20}, 
keywords={cloud computing;economics;cloud systems;complex software systems;cost reduction;economics;machinery;medium-sized systems;microservices architecture;quality improvement;Cloud computing;Complexity theory;Computer architecture;Economics;Legacy systems;Service computing;cloud computing;cloud economics;legacy systems;microservices architecture}, 
doi={10.1109/MCC.2016.109}, 
ISSN={2325-6095}, 
month={Sept},}

@article{zhang2014named,
  title={Named data networking},
  author={Zhang, Lixia and Afanasyev, Alexander and Burke, Jeffrey and Jacobson, Van and Crowley, Patrick and Papadopoulos, Christos and Wang, Lan and Zhang, Beichuan and others},
  journal={ACM SIGCOMM Computer Communication Review},
  volume={44},
  number={3},
  pages={66--73},
  year={2014},
  publisher={ACM}
}

@book{newman2015building,
  title={Building microservices: designing fine-grained systems},
  author={Newman, Sam},
  year={2015},
  publisher={" O'Reilly Media, Inc."}
}
@article{dragoni2016microservices,
  title={Microservices: yesterday, today, and tomorrow},
  author={Dragoni, Nicola and Giallorenzo, Saverio and Lafuente, Alberto Lluch and Mazzara, Manuel and Montesi, Fabrizio and Mustafin, Ruslan and Safina, Larisa},
  journal={arXiv preprint arXiv:1606.04036},
  year={2016}
}
@article{stouffer2009recommended,
  title={Recommended practise: Improving industrial control systems cybersecurity with defense-in-depth strategies},
  author={Stouffer, KS Keith and Falco, Joe},
  journal={Department of Homeland Security, Control systems security program, national cyber security division},
  year={2009}
}

@inproceedings{hoque2013nlsr,
  title={NLSR: named-data link state routing protocol},
  author={Hoque, AKM and Amin, Syed Obaid and Alyyan, Adam and Zhang, Beichuan and Zhang, Lixia and Wang, Lan},
  booktitle={Proceedings of the 3rd ACM SIGCOMM workshop on Information-centric networking},
  pages={15--20},
  year={2013},
  organization={ACM}
}

@inproceedings{yuan2012scalable,
  title={Scalable NDN forwarding: Concepts, issues and principles},
  author={Yuan, Haowei and Song, Tian and Crowley, Patrick},
  booktitle={Computer Communications and Networks (ICCCN), 2012 21st International Conference on},
  pages={1--9},
  year={2012},
  organization={IEEE}
}

@inproceedings{tan2016flow,
  title={Flow-based NDN architecture},
  author={Tan, Xiaobin and Zhao, Zhifan and Cheng, Yujiao and Su, Junxiang},
  booktitle={Communications (ICC), 2016 IEEE International Conference on},
  pages={1--6},
  year={2016},
  organization={IEEE}
}

@inproceedings{walfish2004untangling,
  title={Untangling the Web from DNS.},
  author={Walfish, Michael and Balakrishnan, Hari and Shenker, Scott},
  booktitle={NSDI},
  volume={4},
  pages={17--17},
  year={2004}
}

@article{fielding2002principled,
  title={Principled design of the modern Web architecture},
  author={Fielding, Roy T and Taylor, Richard N},
  journal={ACM Transactions on Internet Technology (TOIT)},
  volume={2},
  number={2},
  pages={115--150},
  year={2002},
  publisher={ACM}
}

@techreport{cheshire2013dns,
  title={DNS-based service discovery},
  author={Cheshire, Stuart and Krochmal, Marc},
  year={2013}
}

@misc{DockerNet,
  title = {{Docker} container networking},
  howpublished = {\url{https://docs.docker.com/engine/userguide/networking}},
  note = {Accessed: 2017-10-08}
}


@misc{Cinema,
  title = {{Cinema 3} - Example of Microservices in Python},
  howpublished = {\url{http://named-data.net/doc/NFD/current/}},
  note = {Accessed: 2017-10-08}
}

@misc{NFD,
  title = {{NFD} - Named Data Networking Forwarding Daemon},
  howpublished = {\url{https://github.com/umermansoor/microservices}},
  note = {Accessed: 2017-10-08}
}


@inproceedings{hoque2013nlsr,
  title={NLSR: named-data link state routing protocol},
  author={Hoque, AKM and Amin, Syed Obaid and Alyyan, Adam and Zhang, Beichuan and Zhang, Lixia and Wang, Lan},
  booktitle={Proceedings of the 3rd ACM SIGCOMM workshop on Information-centric networking},
  pages={15--20},
  year={2013},
  organization={ACM}
}

@misc{etcd,
  title = {{etcd} Online},
  howpublished = {\url{https://github.com/coreos/etcd}},
  note = {Accessed: 2017-10-08}
}

@misc{Synapse,
  title = {{Synapse} Online},
  howpublished = {\url{https://github.com/airbnb/synapse}},
  note = {Accessed: 2017-10-08}
}

@misc{Consul,
  title = {{Consul} Online},
  howpublished = {\url{https://github.com/coreos/etcd}},
  note = {Accessed: 2017-10-08}
}

@misc{swarm,
  title = {{Docker Swarm} Online},
  howpublished = {\url{https://github.com/docker/swarm}},
  note = {Accessed: 2017-10-08}
}

@misc{compose,
  title = {{Docker Compose} Online},
  howpublished = {\url{https://github.com/docker/compose}},
  note = {Accessed: 2017-10-08}
}

@misc{Squid,
  title = {{Squid: Optimising Web Delivery} Online},
  howpublished = {\url{https://http://www.squid-cache.org}},
  note = {Accessed: 2017-10-08}
}


@misc{rack,
  title = {{Rack::Cache} Online},
  howpublished = {\url{http://rtomayko.github.io/rack-cache/}},
  note = {Accessed: 2017-10-08}
}

@article{raft,
  title={In search of an understandable consensus algorithm,},
  author={D. Ongaro and J. Ousterhout.},
  journal={Proc. USENIX Annual Technical Conference , pp. 305-320, June 2014.},
  year={2014}
}

@article{zookeeper,
  title={Building an impenetrable zookeeper},
  author={K. Ting},
  journal={Strange Loop, 2012},
  year={2012}
}

@misc{ndn,
  title = {{NSF Named Data Networking project} Online},
  howpublished = {\url{http://www.named-data.net/}},
  note = {Accessed: 2017-10-08}
}
@misc{mesos,
title = {{Mesos DNS},
howpublished = {\url{https://github.com/mesosphere/mesos-dns}},
note = {Accessed: 2017-10-08}}}