@inproceedings{linares2014mining,
  title={Mining energy-greedy api usage patterns in android apps: an empirical study},
  author={Linares Vasquez, Mario and Bavota, Gabriele and Bernal Cardenas, Carlos and Oliveto, Rocco and Di Penta, Massimiliano and Poshyvanyk, Denys},
  booktitle={Proceedings of the 11th Working Conference on Mining Software Repositories},
  pages={2--11},
  year={2014},
  organization={ACM}
}

@inproceedings{yoon2012appscope,
  title={AppScope: Application Energy Metering Framework for Android Smartphone Using Kernel Activity Monitoring.},
  author={Yoon, Chanmin and Kim, Dongwon and Jung, Wonwoo and Kang, Chulkoo and Cha, Hojung},
  booktitle={USENIX Annual Technical Conference},
  volume={12},
  pages={1--14},
  year={2012}
}

@inproceedings{stevens2012investigating,
  title={Investigating user privacy in android ad libraries},
  author={Stevens, Ryan and Gibler, Clint and Crussell, Jon and Erickson, Jeremy and Chen, Hao},
  booktitle={Workshop on Mobile Security Technologies (MoST)},
  volume={10},
  year={2012}
}

@inproceedings{dong2014rethink,
  title={Rethink energy accounting with cooperative game theory},
  author={Dong, Mian and Lan, Tian and Zhong, Lin},
  booktitle={Proceedings of the 20th annual international conference on Mobile computing and networking},
  pages={531--542},
  year={2014},
  organization={ACM}
}

@inproceedings{thiagarajan2012killed,
  title={Who killed my battery?: analyzing mobile browser energy consumption},
  author={Thiagarajan, Narendran and Aggarwal, Gaurav and Nicoara, Angela and Boneh, Dan and Singh, Jatinder Pal},
  booktitle={Proceedings of the 21st international conference on World Wide Web},
  pages={41--50},
  year={2012},
  organization={ACM}
}
@inproceedings{hao2013estimating,
  title={Estimating mobile application energy consumption using program analysis},
  author={Hao, Shuai and Li, Ding and Halfond, William GJ and Govindan, Ramesh},
  booktitle={Proceedings of the 2013 International Conference on Software Engineering},
  pages={92--101},
  year={2013},
  organization={IEEE Press}
}

@inproceedings{li2013calculating,
  title={Calculating source line level energy information for android applications},
  author={Li, Ding and Hao, Shuai and Halfond, William GJ and Govindan, Ramesh},
  booktitle={Proceedings of the 2013 International Symposium on Software Testing and Analysis},
  pages={78--89},
  year={2013},
  organization={ACM}
}


@misc{techcrunch85,
  title = {{Techcrunch} consumers spend 85 of time on smartphones in apps but only 5 apps see heavy use},
  howpublished = {\url{https://techcrunch.com/2015/06/22/consumers-spend-85-of-time-on-smartphones-in-apps-but-only-5-apps-see-heavy-use/}},
  year= {2017},
  note = {Accessed: 2018-03-03}
}

@misc{techcrunch63,
  title = {{Techcrunch} time spent in apps up 63 percent over past two years but apps used monthly shows little change},
  howpublished = {\url{https://techcrunch.com/2015/06/11/time-spent-in-apps-up-63-percent-over-past-two-years-but-apps-used-monthly-shows-little-change/}},
  year= {2017},
  note = {Accessed: 2018-03-03}
}


@misc{thinkwithgoogle,
  title = {Average number apps installed in smartphones},
  howpublished = {\url{https://www.thinkwithgoogle.com/data-gallery/detail/average-number-apps-installed-smartphones/}},
  year= {2017},
  note = {Accessed: 2018-03-03}

}

@inproceedings{shen2013power,
  title={Power containers: An OS facility for fine-grained power and energy management on multicore servers},
  author={Shen, Kai and Shriraman, Arrvindh and Dwarkadas, Sandhya and Zhang, Xiao and Chen, Zhuan},
  booktitle={ACM SIGPLAN Notices},
  volume={48},
  number={4},
  pages={65--76},
  year={2013},
  organization={ACM}
}

@article{kim2013event,
	title={An event-driven power management scheme for mobile consumer electronics},
	author={Kim, Sangwook and Kim, Hwanju and Hwang, Jeaho and Lee, Joonwon and Seo, Euiseong},
	journal={IEEE Transactions on Consumer Electronics},
	volume={59},
	number={1},
	pages={259--266},
	year={2013},
	publisher={IEEE}
}

@article{li2013energy,
	title={Energy efficient burst scheduling in mobile TV services},
	author={Li, Bo and Park, Sungkwon},
	journal={IEEE Transactions on Consumer Electronics},
	volume={59},
	number={1},
	pages={24--30},
	year={2013},
	publisher={IEEE}
}

@inproceedings{lai2017furion,
	title={Furion: Engineering High-Quality Immersive Virtual Reality on Today's Mobile Devices},
	author={Lai, Zeqi and Hu, Y Charlie and Cui, Yong and Sun, Linhui and Dai, Ningwei},
	booktitle={Proceedings of the 23rd Annual International Conference on Mobile Computing and Networking},
	pages={409--421},
	year={2017},
	organization={ACM}
}

@inproceedings{boos2016flashback,
	title={Flashback: Immersive virtual reality on mobile devices via rendering memoization},
	author={Boos, Kevin and Chu, David and Cuervo, Eduardo},
	booktitle={Proceedings of the 14th Annual International Conference on Mobile Systems, Applications, and Services},
	pages={291--304},
	year={2016},
	organization={ACM}
}

@article{zeng2002ecosystem,
	title={ECOSystem: Managing energy as a first class operating system resource},
	author={Zeng, Heng and Ellis, Carla S and Lebeck, Alvin R and Vahdat, Amin},
	journal={ACM SIGOPS operating systems review},
	volume={36},
	number={5},
	pages={123--132},
	year={2002},
	publisher={ACM}
}

@inproceedings{roy2011energy,
	title={Energy management in mobile devices with the cinder operating system},
	author={Roy, Arjun and Rumble, Stephen M and Stutsman, Ryan and Levis, Philip and Mazi{\`e}res, David and Zeldovich, Nickolai},
	booktitle={Proceedings of the sixth conference on Computer systems},
	pages={139--152},
	year={2011},
	organization={ACM}
}

@inproceedings{pathak2012energy,
	title={Where is the energy spent inside my app?: fine grained energy accounting on smartphones with eprof},
	author={Pathak, Abhinav and Hu, Y Charlie and Zhang, Ming},
	booktitle={Proceedings of the 7th ACM european conference on Computer Systems},
	pages={29--42},
	year={2012},
	organization={ACM}
}

@inproceedings{banerjee2014detecting,
	title={Detecting energy bugs and hotspots in mobile apps},
	author={Banerjee, Abhijeet and Chong, Lee Kee and Chattopadhyay, Sudipta and Roychoudhury, Abhik},
	booktitle={Proceedings of the 22nd ACM SIGSOFT International Symposium on Foundations of Software Engineering},
	pages={588--598},
	year={2014},
	organization={ACM}
}

@article{janek2016solid,
  title={A solid future for battery development},
  author={Janek, J{\"u}rgen and Zeier, Wolfgang G},
  journal={Energy},
  volume={500},
  number={400},
  pages={300},
  year={2016}
}

@inproceedings{zhang2010accurate,
  title={Accurate online power estimation and automatic battery behavior based power model generation for smartphones},
  author={Zhang, Lide and Tiwana, Birjodh and Qian, Zhiyun and Wang, Zhaoguang and Dick, Robert P and Mao, Zhuoqing Morley and Yang, Lei},
  booktitle={Proceedings of the eighth IEEE/ACM/IFIP international conference on Hardware/software codesign and system synthesis},
  pages={105--114},
  year={2010},
  organization={ACM}
}