@article{Ahlgren, 
author={B. Ahlgren and C. Dannewitz and C. Imbrenda and D. Kutscher and B. Ohlman}, 
journal={IEEE Communications Magazine}, 
title={A survey of information-centric networking}, 
year={2012}, 
volume={50}, 
number={7}, 
pages={26-36}, 
keywords={Internet;cache storage;computer network security;content management;failure analysis;API;ICN;Internet;disruption;failure analysis;in-network caching;information centric networking;interaction model decoupling receiver;interaction model decoupling sender;multiparty communication;named data object;network infrastructure service;network routing;replication model;resilience;security;Information management;Internet;Network security;Peer to peer computing;Receivers;Routing protocols;Videos}, 
doi={10.1109/MCOM.2012.6231276}, 
ISSN={0163-6804}, 
month={July},}

@article{zhang2014named,
  title={Named data networking},
  author={Zhang, Lixia and Afanasyev, Alexander and Burke, Jeffrey and Jacobson, Van and Crowley, Patrick and Papadopoulos, Christos and Wang, Lan and Zhang, Beichuan and others},
  journal={ACM SIGCOMM Computer Communication Review},
  volume={44},
  number={3},
  pages={66--73},
  year={2014},
  publisher={ACM}
}

@book{newman2015building,
  title={Building microservices: designing fine-grained systems},
  author={Newman, Sam},
  year={2015},
  publisher={" O'Reilly Media, Inc."}
}
@article{dragoni2016microservices,
  title={Microservices: yesterday, today, and tomorrow},
  author={Dragoni, Nicola and Giallorenzo, Saverio and Lafuente, Alberto Lluch and Mazzara, Manuel and Montesi, Fabrizio and Mustafin, Ruslan and Safina, Larisa},
  journal={arXiv preprint arXiv:1606.04036},
  year={2016}
}
@article{stouffer2009recommended,
  title={Recommended practise: Improving industrial control systems cybersecurity with defense-in-depth strategies},
  author={Stouffer, KS Keith and Falco, Joe},
  journal={Department of Homeland Security, Control systems security program, national cyber security division},
  year={2009}
}
@inproceedings{yuan2012scalable,
  title={Scalable NDN forwarding: Concepts, issues and principles},
  author={Yuan, Haowei and Song, Tian and Crowley, Patrick},
  booktitle={Computer Communications and Networks (ICCCN), 2012 21st International Conference on},
  pages={1--9},
  year={2012},
  organization={IEEE}
}

@misc{DockerNet,
  title = {{Docker} container networking},
  howpublished = {\url{https://docs.docker.com/engine/userguide/networking}},
  note = {Accessed: 2017-10-08}
}

@inproceedings{hoque2013nlsr,
  title={NLSR: named-data link state routing protocol},
  author={Hoque, AKM and Amin, Syed Obaid and Alyyan, Adam and Zhang, Beichuan and Zhang, Lixia and Wang, Lan},
  booktitle={Proceedings of the 3rd ACM SIGCOMM workshop on Information-centric networking},
  pages={15--20},
  year={2013},
  organization={ACM}
}

@misc{etcd,
  title = {{etcd} Online},
  howpublished = {\url{https://github.com/coreos/etcd}},
  note = {Accessed: 2017-10-08}
}

@misc{Synapse,
  title = {{Synapse} Online},
  howpublished = {\url{https://github.com/airbnb/synapse}},
  note = {Accessed: 2017-10-08}
}

@misc{Consul,
  title = {{Consul} Online},
  howpublished = {\url{https://github.com/coreos/etcd}},
  note = {Accessed: 2017-10-08}
}

@misc{swarm,
  title = {{Docker Swarm} Online},
  howpublished = {\url{https://github.com/docker/swarm}},
  note = {Accessed: 2017-10-08}
}

@misc{compose,
  title = {{Docker Compose} Online},
  howpublished = {\url{https://github.com/docker/compose}},
  note = {Accessed: 2017-10-08}
}

@article{raft,
  title={In search of an understandable consensus algorithm,},
  author={D. Ongaro and J. Ousterhout.},
  journal={Proc. USENIX Annual Technical Conference , pp. 305-320, June 2014.},
  year={2014}
}

@article{zookeeper,
  title={Building an impenetrable zookeeper},
  author={K. Ting},
  journal={Strange Loop, 2012},
  year={2012}
}

@misc{ndn,
  title = {{NSF Named Data Networking project} Online},
  howpublished = {\url{http://www.named-data.net/}},
  note = {Accessed: 2017-10-08}
}
@misc{mesos,
title = {{Mesos DNS},
howpublished = {\url{https://github.com/mesosphere/mesos-dns}},
note = {Accessed: 2017-10-08}}}